<record xmlns="http://www.loc.gov/MARC21/slim" xmlns:xsi="http://www.w3.org/2001/XMLSchema-instance" xsi:schemaLocation="http://www.loc.gov/MARC21/slim http://www.loc.gov/standards/marcxml/schema/MARC21slim.xsd">

  <leader>00563nam a22001457a 4500</leader>
  <controlfield tag="008">160518b2005    cr ||||| |||| 00| | spa d</controlfield>
  <datafield tag="090" ind1=" " ind2=" ">
    <subfield code="a">Archivo #21 </subfield>
  </datafield>
  <datafield tag="100" ind1="1" ind2=" ">
    <subfield code="9">108</subfield>
    <subfield code="a">Rojas Porras, Marta</subfield>
  </datafield>
  <datafield tag="245" ind1="1" ind2="0">
    <subfield code="a">INIE una trayectoria de calidad y aporte a la ducación /</subfield>
    <subfield code="b">Marta Rojas Porras</subfield>
  </datafield>
  <datafield ind2=" " ind1=" " tag="260">
    <subfield code="a">San José, Costa Rica :</subfield>
    <subfield code="b"> Universidad de Costa Rica, Vicerrectoría de Investigación, </subfield>
    <subfield code="c">2005</subfield>
  </datafield>
  <datafield ind2=" " ind1=" " tag="300">
    <subfield code="a">5 hojas</subfield>
  </datafield>
  <datafield ind2=" " ind1=" " tag="500">
    <subfield code="a">En: Girasol digital, enero/ marzo del 2005 - Año 8 (26) </subfield>
  </datafield>
  <datafield ind2="4" ind1="2" tag="610">
    <subfield code="9">153</subfield>
    <subfield code="a">INSTITUTO DE INVESTIGACIÓN EN EDUCACIÓN</subfield>
  </datafield>
  <datafield ind1=" " ind2=" " tag="942">
    <subfield code="2">z</subfield>
    <subfield code="c">07</subfield>
  </datafield>
  <datafield ind2=" " ind1=" " tag="999">
    <subfield code="c">3230</subfield>
    <subfield code="d">3230</subfield>
  </datafield>
</record>